
@book{userStoryMapping,
	title = {User Story Mapping},
  	author = {Jeff Patton},
  	publisher = {O'Reilly Media, Inc.},
  	year = {2014},
  	address = {United States of America},
  	edition = {1st},
  	language = {English}
}

@article{fiveFactor,
  title={The ‘Short Five’(S5): Measuring personality traits using comprehensive single items},
  author={Konstabel, Kenn and L{\"o}nnqvist, Jan-Erik and Walkowitz, Gari and Konstabel, K{\"a}tlin and Verkasalo, Markku},
  journal={European Journal of Personality},
  volume={26},
  number={1},
  pages={13--29},
  year={2012},
  publisher={Wiley Online Library},
  language={English}
}